<?xml version="1.0" encoding="UTF-8"?><collection xmlns="http://www.loc.gov/MARC21/slim"><record><leader>00353nam--2200121-i-4500</leader><controlfield tag="001">000035088</controlfield><controlfield tag="002">20161230</controlfield><controlfield tag="005">20161230201040</controlfield><controlfield tag="008">060222s1000------------r-----000-0-eng-d</controlfield><datafield ind1=" " ind2=" " tag="080"><subfield code="a">65.012.41</subfield></datafield><datafield ind1=" " ind2=" " tag="245"><subfield code="a">Organizarea zilei de lucru a cadrelor de conducere. culegere de traduceri</subfield></datafield><datafield ind1=" " ind2=" " tag="260"><subfield code="a">Bucuresti, Inst.Centr.De Docum.Tehnica, 1969, 35p</subfield></datafield><datafield ind1=" " ind2=" " tag="852"><subfield code="a">30371</subfield></datafield></record></collection>